2325 2940
1173 43 1204 88 5

234 180 368 220 formis
393 180 597 220 contractis
624 180 822 220 verborum
848 182 886 220 in
907 180 972 221 35
997 182 1231 228 exeuntium,
1257 192 1398 218 annexa
1423 180 1706 228 quaestiuncula
1732 180 1781 218 de
1806 191 1930 230 augm.
1954 180 2146 229 syllabico,

234 245 459 295 disputatur.
509 246 565 284 Ac
591 246 764 296 profecto
790 246 967 297 Lhardyo
993 246 1156 284 debetur
1180 246 1264 283 laus
1289 246 1499 282 formarum
1524 245 1843 289 Herodotearum‚
1872 256 1966 294 quas
1988 257 2146 293 percen-

235 311 375 364 sendus
409 311 482 348 sibi
516 312 696 360 sumpsit,
734 313 780 349 ad
821 313 1004 350 rationem
1040 311 1187 348 ionicae
1221 310 1372 347 dialecti
1407 309 1551 357 optime
1587 310 1836 347 redacturum.
1890 310 2147 358 Reperiuntur

235 384 435 425 sanequam
464 376 502 413 in
527 374 600 422 his,
627 388 724 425 quae
749 376 856 414 nobis
883 375 1156 426 improbentur,
1182 372 1380 411 maximam
1415 374 1541 407 tamen
1564 377 1713 420 partem
1740 379 1871 410 nactus
1897 380 1956 411 est
1983 386 2052 411 nos
2079 385 2145 423 pa-

213 440 473 480 trocinantes.
526 442 649 488 Atque
683 440 895 478 disserendi
929 440 1100 476 videmus
1134 451 1219 475 eum
1255 438 1436 487 gravitate
1472 438 1720 474 commovisse
1746 439 1978 484 Bekkerum,
2016 439 2144 487 quiin

235 501 355 539 altera
378 502 566 541 Herodoti
593 505 773 551 editione,
799 516 912 552 quam
937 514 972 539 a.
1002 503 1111 540 1645.
1137 503 1175 541 in
1200 495 1323 540 lucem
1360 501 1499 545 edidit,
1537 500 1582 536 ad
1611 500 1778 550 Lhardyi
1804 508 2005 551 praecepta
2029 504 2144 540 tacita

235 568 539 616 comprobatione
565 572 731 615 textum,
766 568 832 616 qui
867 566 1027 615 dicitur,
1062 567 1255 618 refiget-et.
1306 566 1389 613 Quo
1424 576 1517 602 anno
1545 564 1711 614 Lhardyi
1747 567 2015 603 commentatio
2040 567 2144 616 prior

236 631 476 681 vulgabatur,
513 632 649 670 eodem
677 632 725 669 G.
752 631 966 669 Diudortius
991 632 1230 670 Herodotum
1265 631 1370 668 novis
1407 630 1507 667 curis
1545 630 1703 678 politum
1729 631 1849 668 edidit
1875 630 2034 674 (Paris.)
2063 630 2143 668 edi-

234 696 404 743 tionique
438 697 789 733 commentationem
821 697 871 732 de
906 696 1069 732 dialecto
1095 696 1315 732 Herodotea
1342 695 1550 743 praemisit.
1603 693 1706 738 Quos
1732 694 1831 730 inter
1856 695 1953 731 fines
1979 707 2074 742 opus
2101 707 2144 731 se

234 772 343 798 suum
370 760 565 796 continere
591 760 764 806 voluerit,
790 760 876 809 ipse
901 759 1098 808 professus
1124 763 1183 797 est
1208 760 1316 797 hisce
1339 759 1465 797 verbis
1493 771 1528 806 p.
1548 757 1615 794 lll:
1644 755 1769 803 „Mihi
1797 758 1895 795 enim
1923 757 2017 796 nihil
2042 757 2143 796 aliud

233 835 333 862 nunc
358 823 594 873 propositum
620 823 694 861 suit
719 835 828 873 quam
864 828 904 860 ut
938 825 1079 861 tirones
1106 824 1167 872 qui
1193 824 1241 860 ad
1269 823 1453 860 Herodoti
1478 822 1678 858 lectionem
1705 823 1932 858 accederent
1957 823 2143 871 probabili

232 887 346 926 huius
381 887 532 924 dialecti
568 889 728 925 scientia
753 889 962 925 imbuerem
990 899 1258 935 moneremque
1286 892 1327 923 ut
1353 888 1399 922 ab
1437 887 1701 933 superstitiosa
1729 887 1801 922 sibi
1826 891 2001 923 caverent
2028 899 2139 924 reve-

233 954 353 992 rentia
379 954 567 1000 codicum,
594 966 753 1003 quorum
781 953 1005 991 auctoritate
1031 952 1112 988 sola
1138 952 1201 1001 qui
1237 951 1316 1001 regi
1342 951 1520 988 iudicium
1549 963 1656 987 suum
1684 951 1876 999 patiuntur
1901 952 2059 1001 perinde
2084 950 2140 988 sa-

234 1019 337 1057 ciunt
362 1029 406 1055 ac
433 1018 464 1055 si
501 1018 586 1066 quis
612 1023 843 1057 tesserarum
882 1018 980 1055 iactu
1008 1016 1283 1054 decernendum
1310 1027 1396 1052 esse
1431 1016 1633 1052 contendat
1659 1016 1795 1063 quibus
1821 1028 1970 1065 quoque
1996 1018 2032 1053 in
2059 1017 2143 1054 loco

233 1083 499 1120 vocabulorum
535 1082 669 1120 formis
705 1095 798 1120 usus
837 1094 923 1120 esse
950 1081 1135 1131 putandus
1170 1081 1218 1117 sit
1243 1079 1498 1119 Herodotus.”
1550 1080 1693 1117 infitias
1719 1092 1791 1117 uon
1818 1082 1955 1118 ibimus
1984 1082 2141 1118 Dindor-

236 1148 325 1183 finm
352 1147 441 1184 huic
468 1147 678 1183 litterarum
705 1147 835 1195 generi
861 1147 1052 1183 stabiliora
1085 1146 1330 1183 fundamenta
1366 1145 1575 1182 subiecisse
1601 1157 1644 1181 ac
1670 1157 1801 1183 novam
1829 1146 1965 1183 studiis
1993 1146 2143 1183 dialecti

233 1211 476 1249 Herodoteae
512 1210 809 1259 praemunivisse
841 1209 951 1247 viam.
1003 1209 1054 1248 At
1084 1221 1172 1247 vero
1208 1210 1246 1247 iu
1280 1209 1353 1247 ista
1387 1209 1556 1247 codicum
1592 1207 1801 1246 offensione
1827 1222 1940 1259 quum
1968 1210 2067 1248 iusto
2094 1210 2143 1247 sit

234 1274 380 1324 lougius
407 1285 647 1323 progressus,
684 1285 815 1323 parum
849 1274 919 1310 sibi
945 1273 1123 1319 constitit,
1149 1278 1190 1310 et
1215 1274 1303 1310 dum
1331 1273 1588 1310 incredibilem
1617 1272 1851 1310 librariorum
1879 1277 2141 1318 temeritatem,

236 1351 308 1389 qua
334 1340 419 1376 illos
445 1339 482 1375 in
511 1339 663 1376 codices
690 1339 743 1375 ait
768 1338 945 1383 saevisse,
971 1338 1134 1387 graviter
1160 1343 1282 1384 taxat,
1321 1339 1367 1376 ad
1404 1338 1705 1387 interpolandum
1742 1339 1802 1375 vel
1837 1339 1920 1386 ipse
1954 1339 2141 1376 interdum

233 1403 412 1453 confugit.
472 1402 576 1449 Quae
610 1403 645 1439 in
681 1401 910 1439 Dindoriium
952 1411 1001 1438 ne
1032 1402 1229 1451 malignius
1264 1403 1527 1451 pronuntiasse
1562 1414 1657 1439 neve
1694 1403 1773 1439 eius
1808 1416 1961 1451 operam
1997 1403 2141 1450 ingrato

233 1468 358 1506 auimo
380 1466 623 1514 interpretari
648 1465 860 1511 videamur,
897 1469 1032 1513 postea
1069 1463 1251 1513 exemplis
1285 1466 1321 1502 in
1349 1467 1514 1503 medium
1552 1465 1708 1512 prolatis
1735 1467 1841 1502 nobis
1872 1467 1944 1502 erit
1971 1478 2141 1515 compro-

235 1532 407 1569 bandum.
459 1530 694 1578 Kruegerum
721 1529 821 1576 quod
848 1529 994 1573 attinet,
1022 1530 1206 1566 sermonis
1232 1531 1295 1567 ille
1319 1530 1528 1568 Herodotei
1546 1531 1780 1578 corruptelas
1800 1531 1939 1579 passim
1956 1532 2144 1580 indagavit

233 1595 412 1641 (Griech.
440 1594 621 1646 Sprackl.
653 1594 721 1631 Th.
749 1593 805 1632 II.
836 1593 923 1643 Hst.
952 1593 983 1631 I.
1014 1592 1199 1641 1844.*J,
1237 1607 1364 1633 verum
1401 1608 1522 1644 neque
1557 1594 1605 1631 ad
1640 1595 1722 1643 ipsa
1759 1595 1976 1632 mendorum
2005 1595 2143 1633 cubilia

234 1661 432 1698 descendit
459 1664 500 1697 et
527 1659 687 1695 Bekkeri
714 1659 940 1695 auctoritate
966 1660 1126 1696 animum
1153 1661 1302 1697 onerari
1327 1672 1435 1697 suum
1461 1671 1593 1709 passus
1621 1664 1693 1696 est.
1743 1661 1820 1697 lam
1848 1673 1937 1698 vero
1964 1661 2054 1698 silva
2079 1661 2143 1697 illa

232 1725 483 1774 discrepantis
509 1724 718 1773 scripturae
744 1736 765 1761 a
793 1722 1009 1761 Gaisfordio
1032 1724 1113 1761 aliis
1139 1729 1400 1771 coacervatae,
1429 1733 1540 1773 quam
1567 1724 1689 1761 rimari
1717 1724 1947 1762 Dindorfium
1974 1725 2144 1775 piguisse

233 1789 402 1833 videtur,
441 1793 616 1835 tanquam
650 1788 686 1824 in
721 1788 904 1824 derelicto
941 1788 1023 1825 solo
1049 1788 1171 1825 adhuc
1196 1789 1332 1834 iacuit;
1366 1801 1476 1836 quam
1502 1789 1602 1825 falce
1630 1790 1763 1826 critica
1789 1791 1971 1838 amputari
1997 1791 2143 1827 iamiam

234 1864 355 1901 paene
381 1852 598 1902 religiosum
623 1850 706 1887 fuit.
759 1850 990 1889 perdifficile
1016 1865 1106 1890 sane
1132 1857 1171 1890 et
1195 1854 1354 1890 arduum
1381 1865 1490 1901 opus,
1517 1852 1576 1889 cui
1603 1854 1822 1890 sustinendo
1842 1858 1880 1890 et
1907 1854 2144 1892 laudabiliter

234 1915 469 1966 profligando
495 1928 606 1954 nemo
632 1915 806 1965 profecto
834 1927 900 1964 par
925 1916 1127 1963 habeatur,
1162 1917 1233 1955 uisi
1260 1917 1325 1965 qui
1360 1916 1536 1954 subsidiis
1563 1918 1703 1966 paratis
1732 1919 1787 1956 uti
1814 1919 1936 1956 sciens
1963 1918 2144 1957 observa-

234 1980 357 2018 tiones
383 1980 420 2017 in
446 1991 585 2028 corpus
612 1980 830 2028 disciplinae
857 1985 1081 2029 perpetuum
1109 1985 1147 2019 et
1175 1984 1396 2019 concentum
1417 1981 1580 2029 dirigere
1599 1983 1745 2019 calleat.
1787 1984 1974 2020 Ahrensio
1993 1984 2144 2031 quidem

233 2045 313 2082 viro
338 2044 475 2081 summi
500 2045 628 2081 iudicii
652 2049 692 2081 et
717 2044 947 2092 elegantiae,
984 2047 1047 2095 qui
1073 2046 1132 2082 his
1159 2047 1194 2083 iu
1223 2047 1356 2083 litteris
1383 2050 1485 2082 totus
1512 2051 1572 2082 est
1607 2060 1651 2083 ac
1677 2060 1795 2095 paene
1821 2047 1993 2093 habitat,
2030 2048 2145 2084 fatale

231 2103 313 2153 est,
350 2113 391 2145 ut
417 2108 518 2146 curis
544 2108 803 2145 molestiarum
832 2109 976 2158 plenis,
1015 2122 1106 2158 quas
1132 2110 1230 2147 mala
1256 2110 1432 2147 valetudo
1456 2122 1593 2157 augere
1627 2112 1798 2157 videtur,
1834 2113 1887 2148 ita
1910 2113 2142 2155 distineatur,

231 2175 274 2210 ut
307 2183 413 2221 spem
448 2177 487 2209 et
523 2173 843 2221 exspectationem
882 2174 1117 2222 sospitatoris
1153 2174 1298 2211 ionicae
1329 2173 1481 2210 dialecti
1515 2174 1640 2212 adhuc
1673 2176 1830 2223 implere
1856 2187 1928 2211 non
1964 2176 2143 2223 potuerit.

231 2236 458 2286 anerrime
495 2240 620 2273 autem
657 2236 818 2274 dialecto
845 2237 1031 2275 Herodoti
1066 2238 1202 2276 laetior
1228 2239 1371 2276 affulsit
1396 2238 1472 2277 lux.
1525 2238 1709 2276 Nimirum
1736 2239 1779 2275 F.
1808 2239 1836 2276 Ι.
1865 2237 1909 2277 C.
1935 2238 2142 2276 Bredovius

233 2299 561 2344 Berolineusis**j
588 2299 764 2338 fortuitas
789 2301 873 2338 illas
900 2303 1028 2352 copias
1055 2303 1102 2341 ad
1129 2303 1297 2342 criticam
1323 2306 1443 2340 artem
1470 2303 1617 2352 redegit
1642 2307 1681 2340 et
1705 2302 1988 2339 fundamentum
2016 2306 2144 2340 textus

317 2427 355 2468 *)
378 2425 493 2459 Editio
514 2426 557 2459 11.
575 2435 607 2458 a.
629 2424 727 2457 1846.
750 2426 867 2459 multis
886 2427 974 2460 loci·
994 2428 1082 2462 bene
1103 2430 1284 2462 emendata
1306 2430 1366 2460 eat.
1411 2426 1455 2458 cf.
1479 2428 1509 2466 ς.
1532 2425 1562 2457 7.
1585 2425 1617 2456 2.
1643 2435 1673 2458 a.
1690 2425 1722 2457 2.
1767 2428 1797 2466 §-
1815 2426 1868 2458 1⁰.
1882 2426 1915 2460 ⁵.
1933 2438 1966 2461 a.
1984 2428 2016 2460 5.
2047 2431 2078 2470 ς.
2092 2428 2145 2461 15.

232 2478 266 2512 2.
289 2489 323 2512 a.
346 2476 379 2510 4.
423 2481 455 2520 ς.
477 2479 529 2512 15.
551 2478 583 2511 τ.
608 2489 641 2511 ..
662 2477 694 2509 a.
738 2480 768 2518 s.
791 2478 844 2511 1⁷.
865 2479 898 2511 4.
922 2490 955 2513 a.
977 2480 1010 2513 ¹1.
1055 2484 1084 2522 §-
1108 2481 1161 2513 18.
1183 2482 1215 2513 1.
1240 2492 1272 2514 a.
1296 2480 1327 2512 1.
1371 2481 1402 2519 §—
1425 2478 1478 2510 25.
1501 2488 1533 2511 a.
1555 2478 1586 2510 6.
1633 2480 1664 2519 §-
1687 2477 1739 2510 28.
1762 2478 1794 2511 4.
1820 2490 1851 2512 a.
1874 2478 1905 2512 4.
1924 2480 2006 2514 §.a
2040 2484 2072 2523 ς.
2093 2482 2146 2515 31.

232 2530 265 2566 4.
288 2541 319 2565 ι.
343 2529 398 2563 12.
441 2533 474 2573 5.
496 2531 549 2565 88.
571 2531 603 2563 2.
626 2541 657 2563 a·
678 2529 710 2562 9.
735 2531 793 2563 all.

320 2583 376 2625 **)
397 2583 548 2626 Quae-tt.
572 2584 659 2617 critt.
682 2583 724 2616 de
746 2583 894 2617 dialecto
916 2584 1112 2618 Herodotea
1134 2584 1213 2618 iibri
1235 2586 1403 2626 quattuor.
1447 2582 1589 2625 Scripsit
1609 2582 1711 2617 Ferd.
1733 2585 1800 2618 Iul.
1824 2586 1923 2619 Caes.
1947 2587 2147 2628 Bredoviun,
