2325 2940
1091 132 1125 177 4

156 272 414 322 ἀφελώμεθα.
440 272 490 318 V,
510 273 596 309 loo.
616 271 730 319 ἄφες.
756 271 823 318 vl,
841 272 907 309 2³.
923 269 1226 319 περιεκαθέατο.
1263 269 1366 318 VIII,
1383 271 1446 310 49.
1464 267 1608 319 ἀφεῖτο
1632 268 1816 318 (ἀφεῖται
1835 282 1875 308 a.
1894 269 1931 308 b.
1955 269 2075 324 Md.)

159 360 206 367 —
235 338 376 376 Contra
400 337 500 375 idem
528 336 612 374 cod.
637 336 720 375 aliis
748 337 852 375 librIs
862 335 975 374 MSS.
987 337 1290 386 discrepantibus
1315 340 1450 387 tenues
1474 336 1635 386 praebet
1655 334 1687 382 I,
1705 336 1790 375 121.
1811 325 2076 386 ἀπαμμένους

161 410 266 448 tcum
300 402 342 439 V.
369 401 419 438 R.
440 401 559 440 Paris.
586 400 668 450 ἀφ.
703 401 758 439 Μ.
779 402 832 438 K.
854 401 934 445 Ε).
959 402 1021 447 III,
1038 404 1099 439 65.
1119 400 1395 452 ἀπαιρεθῆναι
1415 404 1519 445 (cnm
1546 400 1591 440 V.
1618 399 1701 449 ἀφ.
1730 400 1772 438 P.
1788 401 1841 438 K.
1864 401 1913 438 Ε
1932 399 2074 449 ὖπαιρ.

159 469 294 517 vulg).
330 466 397 512 vl,
418 469 479 504 30.
506 465 634 518 ἀπῆκε
660 471 764 513 (cum
800 466 843 504 V.
870 464 948 514 ἀφ.
975 467 1107 516 vulg).
1145 466 1210 514 tx,
1234 469 1317 505 106.
1343 464 1505 505 ἀπεῖναι
1539 467 1644 511 (cum
1678 464 1722 504 V.
1759 463 1843 515 ἀφ.
1881 464 1930 506 Ε
1956 465 2073 512 ΔΙιΙ.).

158 533 234 569 Iam
261 543 352 569 vero
377 531 620 569 Gaisfordius
647 531 777 568 multis
804 531 896 568 locis
919 532 1101 581 aspiratas
1128 531 1324 580 expellere
1349 531 1520 580 religioni
1546 531 1676 574 duxit,
1716 531 1745 576 I,
1766 533 1828 567 39.
1853 528 1976 579 μέθες
2001 531 2076 575 (ato

158 597 299 636 Matth.
324 597 473 641 Baehr.,
499 594 611 645 μέτες
636 596 789 633 Schael'.
820 595 992 633 Dindorf.
1019 596 1167 642 Reno.
1195 595 1227 640 1,
1245 597 1308 633 45.
1335 597 1520 647 καθῆστο
1547 598 1668 643 (κατ.
1696 595 1850 633 Son-ef.
1875 594 2075 645 Schwghs.

159 663 272 699 Dind.
302 663 452 706 Beth).
493 662 519 706 l,
543 664 630 699 206.
656 663 757 711 ἄφες
783 666 890 706 (cum
919 661 1055 698 Matth.
1083 661 1173 698 Bhr.
1198 661 1298 706 ἄπες
1323 661 1480 699 Schaef.
1508 661 1619 699 Dind.
1645 661 1773 705 mah).
1799 661 1845 707 II,
1868 661 1954 697 114.
1978 657 2078 708 ἀφε-

160 727 326 775 λώμεθα
361 731 467 770 (cum
495 725 633 763 Matth.
663 727 752 763 Bhr.
779 724 856 764 ἀπ.
884 725 1038 763 Schaef.
1064 725 1172 762 Dino.
1199 726 1327 770 mk).
1363 726 1413 772 V,
1433 727 1518 763 106.
1546 726 1647 775 ἄφες
1673 729 1723 769 (c.
1751 725 1890 763 Matth.
1916 724 2006 761 Bhr.
2034 723 2077 762 P.

164 792 216 830 K.
244 791 289 830 F.
319 791 366 829 al.
403 790 501 836 ἄπες
526 789 681 828 Schaef.
707 789 814 828 Dind.
839 790 969 836 Bkk.).
1015 787 1099 836 Vll,
1120 791 1205 827 193.
1240 787 1415 840 ἀφήσειν
1450 790 1527 835 (sic
1550 790 1649 841 vulg.
1701 790 1811 828 Solus
1838 789 1947 827 Dind.
1972 790 2079 826 recte

162 856 273 901 ἀπ.).
300 856 401 901 Vm,
419 857 482 894 49.
510 854 653 903 ἀφεῖτο
681 855 801 904 (vulg.
829 853 907 893 ἀπ.
934 854 1044 891 Dind.
1070 854 1162 890 Bkk.
1190 855 1250 891 ed.
1275 855 1322 892 11.
1351 855 1436 891 coll.
1462 855 1629 902 Lhardy,
1650 858 1794 903 quaest.
1819 855 1868 891 de
1892 854 1978 891 dial.
1998 853 2077 890 He-

162 922 244 958 rod.
264 934 349 968 cap.
371 932 429 967 pr.
450 933 486 967 p.
507 923 565 959 18.
589 934 625 957 n.
645 922 737 963 15.).
765 941 812 947 -
865 921 916 956 At
940 930 1030 955 vero
1055 930 1098 954 se
1122 918 1207 966 ipse
1231 921 1457 967 oppugnavit
1483 924 1523 956 et
1548 919 1673 956 vineta
1698 930 1780 964 sna,
1805 923 1849 956 ut
1873 919 1990 965 aiunt,
2016 929 2079 956 ce·

164 986 256 1024 cidit
281 985 466 1022 revocatis
494 985 633 1023 litteris
660 984 836 1023 tenuibus
861 984 889 1031 1,
911 985 971 1022 Π.
991 980 1103 1028 ἀπείς
1130 982 1206 1027 (sic
1233 986 1303 1028 α.).
1341 983 1368 1031 Ι,
1390 984 1450 1023 80.
1476 980 1637 1022 ἀπελών
1674 980 1774 1032 (ἀφ.
1802 981 1854 1020 Ε
1877 981 1922 1020 8.
1950 983 2080 1028 mc.)-

163 1052 226 1095 llI,
253 1053 317 1088 65.
352 1048 627 1102 ἀπαιρεθῆναι
654 1049 718 1094 (Ρ.
748 1049 799 1086 K.
829 1049 875 1087 Ε
903 1047 1018 1096 ἀφ.).
1064 1049 1109 1094 V,
1129 1051 1188 1086 35.
1225 1047 1574 1099 ἀπαιρεθήσεσθαι
1609 1047 1711 1098 (ἀφ.
1744 1048 1786 1086 V.
1813 1047 1892 1093 8.).
1931 1047 2000 1094 VI,
2018 1049 2080 1086 23.

163 1114 426 1165 περικατέατο
454 1115 577 1164 (vulg.
603 1125 750 1161 περικα
762 1116 826 1158 θ.)
853 1114 919 1159 VI,
939 1116 1001 1151 30.
1028 1112 1155 1163 ἀπῆκε
1182 1117 1287 1156 (cum
1314 1113 1359 1150 8.
1394 1113 1471 1159 Κ).
1497 1113 1580 1160 Vll,
1597 1117 1631 1151 8.
1659 1110 1853 1152 ἐπέπουσι
1879 1109 1917 1158 (έ
1928 1125 1972 1161 φ.
2002 1111 2078 1158 8.).

163 1181 247 1227 VII,
267 1183 352 1219 150.
379 1180 584 1229 κατῆσθαι
610 1181 682 1224 (κα
694 1181 738 1217 θ.
767 1179 845 1225 8.).
877 1179 958 1224 Vll,
978 1180 1063 1218 212.
1090 1177 1319 1228 κατήμενον
1338 1180 1461 1225 (καθ.
1487 1178 1538 1216 Κ.
1557 1179 1690 1229 Steph.
1714 1180 1865 1229 ωσι-ς)
1894 1176 1975 1225 VII,
1991 1178 2090 1215 226.-

162 1243 333 1285 ἀπιέωσι
360 1246 435 1290 (sic
459 1244 559 1295 vulg.
585 1241 738 1293 ἀφίωσι
765 1243 808 1281 8.
844 1242 887 1282 V.
914 1241 1063 1281 ἀπίωσι
1082 1243 1221 1287 Dind.).
1251 1243 1347 1290 VIII,
1365 1245 1426 1281 ⁶22.
1452 1242 1700 1282 ἀπίστασθαι
1724 1241 1823 1292 (ἀφ.
1850 1243 1936 1280 edd.
1953 1244 2078 1287 retu).

164 1311 264 1357 VIII,
279 1314 340 1347 70.
358 1307 524 1353 ἀπέντες
544 1308 646 1357 (ἀφ.
667 1309 747 1353 Ε).
769 1308 866 1353 VIII,
884 1311 969 1345 110.
997 1308 1320 1355 ἀπικνεομένοισι
1339 1308 1435 1357 (ἀφ.
1459 1309 1538 1356 Ε).
1563 1308 1662 1355 VIII,
1674 1311 1759 1345 140.
1781 1306 1909 1351 ἀπιείς
1928 1306 2082 1355 (ἀφείς

166 1376 214 1414 Ε
238 1390 275 1414 α.
298 1376 371 1420 (L).
399 1374 464 1422 lx,
479 1377 537 1412 18.
566 1372 791 1424 ἀπήσοντες
809 1371 907 1421 (ἀφ.
937 1373 1002 1422 Ε)
1020 1374 1108 1411 ibid.
1128 1372 1255 1424 ἀπῆκε
1277 1372 1323 1420 (ἀ
1334 1386 1379 1423 φ.
1403 1373 1485 1420 Ε).
1513 1373 1646 1420 1Χ,90.
1673 1370 1841 1412 κατέατο
1860 1374 1932 1418 (κα
1942 1373 1986 1411 θ.
2003 1370 2081 1420 8.).

163 1442 230 1486 ΙΧ,
242 1443 328 1479 106.
347 1439 507 1478 ἀπεῖναι
527 1438 626 1488 (ἀφ.
651 1439 699 1476 Ε
716 1439 834 1484 Ald.).
857 1438 921 1485 IX,
935 1440 1017 1474 111.
1040 1436 1205 1488 μετέντα
1224 1444 1292 1487 (με
1303 1439 1401 1477 eal.
1415 1438 1560 1484 codd.).
1588 1438 1708 1475 Recte
1727 1439 1791 1476 hic
1806 1438 1957 1487 quidem
1972 1437 2081 1476 Gais-

163 1507 325 1550 fordius,
347 1507 461 1542 modo
480 1517 527 1542 ne
546 1505 741 1546 lectiones,
762 1515 854 1551 quas
871 1503 1029 1539 invicem
1052 1515 1094 1539 se
1110 1506 1369 1541 rescindentes
1390 1516 1499 1540 nemo
1518 1503 1631 1539 facile
1649 1503 1760 1548 ferat,
1784 1516 1830 1540 ex
1849 1503 2004 1541 arbitrio
2020 1515 2079 1540 ar-

164 1571 358 1619 ripuisset.
412 1569 520 1605 Hanc
553 1579 644 1605 vero
663 1567 963 1615 qualemcunque
990 1566 1278 1604 inconstantiam
1305 1566 1503 1615 quominus
1528 1566 1675 1616 longius
1698 1579 1927 1615 premamus,
1957 1567 2083 1605 obstat

164 1647 279 1684 quum
296 1635 441 1671 animus
461 1638 541 1670 tum
556 1630 864 1680 circumscriptus
877 1629 1151 1667 dissertationis
1166 1631 1341 1668 ambitus.
1369 1631 1549 1669 Ceterum
1566 1630 1613 1668 ad
1627 1630 1835 1669 Gaisfordii
1854 1627 2083 1670 commenta-

163 1701 239 1736 rios
260 1699 369 1744 infra,
394 1698 447 1734 uti
474 1709 543 1745 par
569 1702 640 1743 est,
668 1696 817 1744 saepius
844 1696 1113 1732 recurrendum
1137 1697 1245 1734 nobis
1267 1701 1338 1735 est.
1362 1718 1406 1724 —
1436 1696 1511 1743 Qui
1529 1695 1707 1744 deinceps
1724 1699 1932 1746 sequuntur
1950 1697 2084 1735 harum

161 1774 288 1799 rerum
302 1762 437 1807 critici,
464 1761 630 1798 omnium
657 1760 741 1797 fere
768 1759 912 1810 prImus
939 1759 1111 1797 Struvius
1138 1761 1283 1798 subacti
1303 1760 1431 1797 iudicii
1450 1760 1507 1796 vir
1527 1760 1755 1809 conscripsit
1772 1761 2011 1809 quaestione·
2035 1761 2084 1799 de

163 1826 250 1862 dial.
263 1826 404 1862 Herod.
420 1838 452 1862 a.
470 1827 731 1870 1828-1830,
751 1826 796 1861 ab
811 1826 997 1869 omnibus,
1020 1826 1083 1872 qui
1102 1826 1175 1861 hoc
1193 1826 1400 1862 litterarum
1421 1838 1540 1874 genus
1562 1825 1711 1870 callent,
1731 1826 1866 1873 plausu
1887 1816 2081 1874 exceptas.

164 1889 348 1927 Baehrius
386 1891 561 1937 quidem,
599 1890 661 1936 qui
689 1901 751 1926 res
777 1890 823 1926 ab
851 1889 1049 1926 Herodoto
1087 1893 1277 1926 enarratas
1302 1889 1542 1927 laudabiliter
1568 1889 1833 1938 perlustravit,
1869 1889 1960 1928 licet
1984 1890 2084 1929 mole

164 1966 230 1992 sua
257 1955 432 1992 laborent
458 1955 729 2001 commentarii,
755 1954 956 2003 perpaucis
982 1957 1124 1992 tantum
1152 1954 1245 1992 locIs
1270 1954 1456 1992 medelam
1482 1953 1648 1991 feliciter
1673 1954 1817 2003 paravit
1842 1958 1881 1992 et
1906 1959 1947 1993 ut
1970 1954 2082 1994 Gaia-

164 2019 290 2055 fordIo
316 2020 468 2068 saepius
495 2020 629 2056 institit
654 2024 849 2056 accusator
875 2020 1137 2068 gravissimus,
1174 2020 1224 2056 ita
1257 2020 1359 2056 male
1384 2020 1504 2064 cavit,
1542 2030 1590 2055 ne
1626 2019 1727 2056 circa
1752 2021 1870 2057 multa
1894 2025 2082 2070 peccaret.

120 2080 124 2084 ’
166 2083 261 2120 Data
288 2084 486 2120 occasIone
502 2083 688 2121 Matthiae
707 2085 944 2133 et‚Apetzius
965 2084 1190 2121 emendandi
1217 2084 1384 2133 pericula
1411 2084 1600 2129 fecerunt,
1628 2084 1673 2121 ad
1700 2084 1951 2122 inchoandum
1977 2085 2082 2131 satis,

167 2148 213 2185 ad
250 2149 483 2185 edocendum
519 2161 662 2197 parum.
715 2149 809 2186 Nam
846 2160 919 2184 nou
957 2149 1026 2185 uisi
1063 2149 1220 2186 modicis
1247 2149 1411 2186 tironum
1439 2148 1570 2186 usibus
1595 2148 1635 2185 hi
1662 2149 1862 2197 provIdere
1888 2149 2085 2189 voluerunt

166 2213 365 2250 duumviri.
417 2212 560 2249 Verum
588 2213 687 2249 enim
715 2224 806 2249 vero
832 2225 879 2249 ex
905 2214 988 2249 istis
1014 2214 1178 2250 virorum
1206 2214 1401 2250 doctorum
1429 2213 1576 2259 studiis,
1602 2224 1715 2260 quum
1743 2214 1906 2262 sapienti
1931 2219 2084 2253 rectore
2118 2209 2120 2211 ’

167 2281 340 2315 carerent
366 2288 411 2313 ac
437 2277 660 2325 plerumque
686 2277 783 2313 citra
809 2277 978 2314 codicum
1005 2277 1176 2326 exempla
1202 2277 1249 2315 ad
1277 2277 1357 2314 avia
1382 2276 1488 2314 aleae
1522 2276 1630 2325 plena
1657 2276 1927 2325 deflecterent,
1962 2278 2084 2317 solida

168 2346 207 2379 et
232 2341 389 2379 robusta
416 2340 641 2378 emendandi
667 2342 763 2378 ratio
799 2343 1013 2391 neutiquam
1050 2341 1170 2380 fluere
1206 2342 1339 2392 potuit.
1393 2341 1543 2378 Etenim
1570 2342 1602 2379 si
1628 2342 1719 2390 quid
1745 2342 1872 2388 aliud,
1908 2343 2082 2382 codIcum

165 2406 337 2456 vestigiis
372 2406 590 2444 accuratius
615 2407 865 2444 insistendum
894 2413 993 2453 erat,
1029 2411 1071 2445 ut
1097 2420 1143 2445 ex
1170 2407 1364 2458 principiis
1390 2407 1437 2444 ad
1464 2419 1608 2444 summa
1633 2408 1821 2457 perveniri
1845 2412 1999 2457 posset,
2035 2420 2084 2448 ne

165 2470 333 2508 thesauri
369 2471 519 2508 iamiam
555 2471 676 2519 parati
713 2474 753 2508 et
786 2471 901 2507 veluti
938 2473 975 2508 in
1012 2472 1210 2521 procinctu
1237 2472 1453 2521 squalerent
1479 2472 1553 2509 situ
1579 2484 1624 2510 ac
1650 2472 1830 2522 rubigine.
1883 2471 2002 2511 Culus
2027 2474 2085 2512 rei

166 2537 264 2573 bene
299 2547 435 2583 gnarus
460 2535 616 2584 Lhardy
652 2536 699 2573 ad
738 2535 909 2572 codicum
947 2538 1207 2575 auctoritatem
1243 2549 1285 2574 se
1311 2537 1442 2581 finxit,
1476 2537 1527 2574 ita
1552 2541 1679 2574 tamen
1705 2540 1749 2573 ut
1775 2548 1796 2573 a
1822 2548 1936 2575 caeca
1961 2538 2086 2577 corri-

165 2599 277 2646 gendi
311 2599 530 2637 temeritate
566 2600 727 2638 animum
768 2600 864 2636 bene
900 2604 1142 2649 temperaret.
1195 2601 1236 2638 In
1273 2601 1397 2639 lucem
1423 2602 1522 2638 enim
1547 2602 1610 2638 hic
1636 2600 1897 2650 quaestionum
1923 2601 1973 2640 de
1997 2595 2084 2641 ‹tia-

165 2663 266 2701 lecto
293 2663 480 2701 Herodoti
507 2664 631 2713 capita
667 2664 742 2702 duo
775 2664 922 2711 emisit,
959 2677 1117 2714 quorum
1154 2667 1193 2705 in
1228 2665 1345 2715 priori
1372 2678 1406 2705 a.
1434 2666 1544 2704 1844.
1572 2665 1836 2715 (Prognmme
1862 2665 2085 2716 duootlege

166 2726 270 2777 royal
298 2726 418 2776 franc.
444 2728 607 2778 Berlin.)
633 2733 874 2779 augmentum
910 2730 1119 2778 temporale
1145 2732 1424 2780 pertractatur,
1461 2730 1499 2768 in
1524 2730 1646 2770 altero
1678 2734 1731 2774 (a.
1754 2731 1871 2769 1846.
1895 2729 2009 2777 told.)
2034 2730 2086 2770 «Ie
