2325 2940
174 893 373 967 Dialecti
402 928 644 967 Herodoteae
670 931 810 969 misere
835 930 925 968 olim
951 929 1186 968 deformatae
1213 935 1250 967 et
1277 930 1437 967 naturali
1462 941 1531 967 suo
1551 930 1673 966 nitore
1689 930 1894 967 destitutae
1912 933 2076 979 permul-

172 997 235 1030 tos
254 993 459 1029 novissima
478 1000 650 1043 tempora
667 994 834 1032 tulerunt
850 994 1123 1041 aestimatores,
1148 994 1214 1043 qui
1235 1006 1304 1043 pro
1332 1007 1398 1032 sua
1419 995 1579 1043 quisque
1600 994 1817 1031 condicione
1837 1001 1874 1033 et
1903 996 2077 1043 exemplo

173 1060 238 1093 aut
264 1058 359 1093 iusta
387 1057 436 1093 de
462 1058 646 1096 Herodoti
682 1070 856 1095 sermone
882 1065 1175 1108 composuerunt
1207 1071 1322 1107 opera
1349 1064 1415 1096 aut
1441 1059 1603 1106 singulas
1631 1059 1809 1106 quasdam
1836 1065 1962 1107 partes
1991 1072 2077 1108 per-

172 1120 374 1169 diligenter
402 1121 646 1161 illustrarunt.
700 1122 752 1159 Et
778 1122 951 1160 Sturzius
979 1123 1147 1171 quidem,
1182 1128 1223 1160 ut
1249 1129 1439 1160 taceamus
1469 1128 1617 1160 veteres
1628 1121 1688 1168 *J‚
1716 1135 1773 1168 ea,
1801 1135 1895 1170 quae
1922 1125 1970 1160 de
1996 1124 2075 1159 dia-

172 1184 272 1222 lecto
299 1185 484 1223 Herodoti
511 1186 722 1234 Maittaire‚
749 1186 872 1223 Reitz.
898 1188 966 1230 (de
983 1199 1037 1235 gr.
1060 1187 1149 1236 ling.
1174 1188 1298 1229 diall.)
1323 1188 1495 1235 gnaviter
1521 1188 1770 1234 collegerant,
1796 1188 2005 1235 amplianda
2032 1201 2076 1224 ac

171 1250 374 1297 digerenda
410 1253 561 1287 curavit.
613 1252 686 1298 Qui
721 1252 888 1299 quamvis
915 1252 1013 1288 hanc
1039 1252 1271 1301 disciplinam
1300 1251 1532 1300 aliquantum
1558 1255 1758 1288 exornaret
1781 1256 1896 1300 atque
1923 1264 2074 1301 promo-

170 1317 295 1357 veret,
335 1319 460 1350 tamen
500 1327 622 1363 neque
656 1315 881 1353 inveteratas
915 1315 1109 1363 opiniones
1146 1326 1330 1364 prospero
1364 1316 1496 1362 utique
1531 1326 1711 1351 successu
1746 1316 1893 1363 depulit
1924 1322 1962 1351 et
1987 1329 2075 1352 vera

172 1375 278 1413 salsis
314 1389 445 1425 parum
483 1379 659 1427 religiose
691 1380 865 1424 miscuit,
906 1384 966 1424 ut,
1003 1391 1111 1426 quam
1145 1380 1326 1416 rationem
1365 1384 1405 1415 et
1440 1380 1535 1415 viam
1570 1379 1757 1415 scribendi
1784 1380 1866 1416 iure
1891 1380 2074 1426 sequaris‚

168 1441 311 1478 frustra
347 1454 518 1489 quaeras.
571 1443 660 1479 Plus
693 1443 788 1479 lucis
824 1449 863 1479 et
898 1442 1105 1480 ornamenti
1140 1441 1200 1478 his
1236 1442 1370 1479 studiis
1397 1442 1603 1479 attulerunt
1627 1441 2008 1490 Schweighaeuserus
2034 1450 2075 1479 et

169 1503 430 1550 Gaisfordius,
470 1518 694 1555 quamquam
729 1510 864 1544 neuter
898 1518 1017 1554 aequa
1052 1506 1157 1542 lance
1183 1505 1251 1541 has
1278 1506 1426 1542 litteras
1453 1506 1664 1554 pensitavit.
1717 1507 1859 1554 Anglus
1886 1508 1983 1543 enim
2010 1508 2073 1544 ille

168 1569 300 1608 codice
325 1572 576 1619 manuscripto
603 1570 864 1608 Sancroftiano
890 1571 1051 1608 omnium
1078 1570 1190 1619 longe
1217 1570 1563 1619 praestantissimo,
1603 1570 1655 1606 ita
1689 1573 1815 1606 tamen
1842 1576 2072 1620 comparato,

167 1639 209 1673 ut
234 1635 346 1673 variis
372 1636 493 1672 turbis
512 1635 636 1672 *fuerit
662 1635 977 1681 commaculatus,
1010 1636 1133 1673 denuo
1163 1634 1300 1671 collato
1325 1634 1478 1671 dialecti
1504 1634 1745 1671 Herodoteae
1770 1635 1968 1672 restitutae
1994 1637 2071 1674 vin·

166 1701 264 1738 dicis
295 1713 429 1737 nomeu
466 1700 626 1747 quodam
663 1700 735 1736 sibi
762 1700 875 1737 modo
911 1701 1083 1749 sumpsit.
1138 1700 1214 1737 Sed
1241 1700 1289 1737 ad
1315 1711 1452 1748 anceps
1481 1698 1702 1736 emendandi
1727 1699 1930 1748 periculum
1958 1713 2072 1749 quum

167 1765 265 1808 haud
294 1764 668 1817 semel-prosiluerit,
696 1764 804 1800 unius
830 1763 1010 1801 duntaxat
1034 1764 1119 1801 libri
1146 1764 1404 1801 auctoritatem
1433 1763 1570 1812 cupide
1596 1767 1634 1799 et
1658 1764 1853 1800 ambitiose
1879 1766 2072 1812 amplexus

165 1830 304 1868 ceteris
330 1830 459 1878 inique
485 1829 679 1878 neglectis,
706 1829 805 1865 haud
832 1841 949 1877 pauca
971 1829 1145 1865 turbavit.
1199 1829 1262 1866 Sic
1288 1841 1362 1866 non
1390 1829 1472 1865 sine
1498 1828 1622 1864 studio
1644 1829 1936 1876 praeoccupavit
1955 1829 2071 1867 fidem

166 1894 307 1933 codicia
335 1892 399 1939 S„
437 1898 478 1930 ut
515 1893 635 1929 virum
662 1893 920 1929 doctissimum
947 1893 1187 1930 vehementer
1212 1894 1362 1930 mireris
1389 1893 1586 1942 permultis
1612 1893 1650 1928 in
1676 1893 1768 1928 locis
1795 1892 1894 1929 hunc
1919 1893 2071 1938 librum,

164 1969 275 2007 quem
304 1958 411 2005 sequi
436 1957 620 2003 debebat,
657 1968 812 2004 prorsus
839 1956 1047 2005 despicatui
1074 1957 1249 2000 duxisse,
1285 1958 1403 1994 veluti
1440 1957 1477 1995 in
1514 1957 1701 2004 scriptura
1736 1957 1907 1992 vocabuli
1932 1957 2071 2004 εἴκοσι,

165 2020 336 2072 quods-
363 2021 393 2067 Ι,
420 2023 505 2058 121.
527 2023 610 2058 122.
633 2022 717 2059 130.
734 2022 818 2056 134.
844 2020 890 2065 ΙΙ,
910 2021 995 2056 175.
1017 2022 1100 2056 176.
1121 2021 1181 2057 all.
1209 2026 1315 2058 recte
1341 2010 1494 2058 tueturs
1519 2020 1651 2068 Neque
1676 2020 1711 2056 in
1740 2020 1872 2056 litteris
1899 2023 2071 2070 aspiratis

162 2071 388 2137 recipiendis
414 2086 632 2135 deleudisve
667 2085 897 2133 probabilem
925 2086 1102 2122 rationem
1129 2086 1261 2122 tenuit.
1312 2085 1498 2123 Nimirum
1528 2085 1611 2122 cod.
1638 2084 1681 2121 S.
1706 2084 1893 2138 aspiratae>
1918 2086 2071 2125 exhibet

162 2151 270 2192 biaee
289 2151 404 2188 locis:
432 2150 463 2198 Ι,
484 2153 543 2189 79.
570 2148 642 2198 ἀφ’
661 2147 806 2189 ἵππων.
831 2148 861 2196 1,
885 2151 944 2187 80.
964 2147 1124 2198 α’φελών
1143 2149 1218 2194 (sic
1238 2150 1349 2187 etiam
1371 2148 1417 2186 F.
1433 2161 1471 2185 a.
1491 2151 1555 2195 c.).
1583 2148 1612 2193 Ι,
1634 2150 1716 2185 121.
1743 2148 1919 2187 καθίσαι.
1947 2151 1990 2195 ll,
2007 2154 2068 2189 35.

161 2215 397 2268 καθήμενοι.
445 2214 488 2261 ll,
509 2218 570 2254 37.
594 2213 960 2253 ἀντικαθίστανται.
997 2214 1042 2261 ΙΙ,
1066 2216 1150 2251 104.
1175 2214 1334 2264 α’φήκει.
1378 2215 1426 2259 11,
1447 2217 1530 2251 116.
1561 2215 1749 2263 μεθῆκεν.
1789 2213 1852 2259 lV,
1874 2217 1934 2252 66.
1960 2213 2065 2253 ἄπο-

160 2279 369 2328 καθέαται.
415 2279 462 2323 V,
479 2281 540 2317 35.
571 2279 924 2328 ἀφαιρεθήσεσθαι
954 2281 1055 2323 (cum
1094 2279 1169 2323 V.).
1215 2280 1297 2325 Vll,
1317 2282 1354 2318 8.
1376 2276 1583 2326 ἐφέπουσι.
1627 2277 1709 2324 Vll,
1734 2280 1814 2313 150.
1845 2280 2064 2329 καθῆσθαι.

90 2347 95 2350 “
159 2330 521 2393 mma-dodam
548 2348 652 2389 (cum
685 2343 759 2389 V.).
789 2343 852 2390 lX,
872 2345 934 2381 90.
961 2341 1162 2393 maetam,
1190 2348 1229 2382 et
1253 2344 1285 2382 si
1312 2343 1403 2392 quid
1430 2354 1452 2380 e
1479 2341 1684 2381 Gaisfordii
1712 2340 1860 2378 silentio
1887 2343 2068 2393 colligere

162 2412 288 2459 liceat,
322 2409 354 2459 1,
373 2411 431 2448 39.
449 2406 582 2459 μέθες.
615 2410 646 2454 1,
665 2410 727 2446 45.
749 2409 943 2460 καθῆστο.
982 2408 1008 2453 l,
1029 2411 1087 2445 77.
1106 2408 1237 2459 ἀφείς.
1273 2409 1304 2453 1,
1320 2410 1406 2446 206.
1423 2408 1534 2456 ἄφες.
1573 2407 1616 2451 11,
1637 2409 1697 2442 73.
1717 2405 1873 2444 καθότι.
1908 2408 1956 2453 11,
1979 2410 2065 2445 114.

178 2581 207 2592 ²⁴—
246 2568 366 2609 *)-cf.
395 2568 544 2600 Bredov.
576 2570 717 2607 quaestt.
748 2566 835 2597 critt.
866 2566 908 2597 de
938 2565 1018 2598 dial.
1049 2564 1213 2596 uerodot.
1244 2564 1319 2596 libr.
1342 2564 1394 2596 lv.
1446 2560 1656 2606 Lips.1846.
1688 2573 1722 2604 p.
1742 2560 1764 2595 3
1786 2572 1861 2605 sqq.
1912 2562 2067 2608 Linon-dy,

21 2637 45 2650 ·-
63 2595 66 2599 ⁴
85 2666 87 2668 ι
159 2621 355 2665 qun-assde
376 2620 456 2654 dial.
473 2620 606 2652 merod.
627 2629 704 2660 cap.
730 2617 887 2659 primum.
932 2618 1044 2650 Berol.
1068 2615 1162 2648 1844.
1187 2628 1219 2657 p.
1240 2616 1272 2648 3.

1747 2674 1812 2716 l*
